<record><leader>00000cas a2200000 a 4500</leader><controlfield tag="001">12736963</controlfield><controlfield tag="008">851030d19621978ksucr ne      0    0eng d</controlfield><datafield ind1=" " ind2=" " tag="010"><subfield code="a">sn 85032809 </subfield></datafield><datafield ind1=" " ind2=" " tag="040"><subfield code="a">KSH</subfield><subfield code="b">eng</subfield><subfield code="c">KSH</subfield><subfield code="d">NPT</subfield><subfield code="d">OCL</subfield><subfield code="d">OCLCQ</subfield></datafield><datafield ind1=" " ind2=" " tag="042"><subfield code="a">msc</subfield></datafield><datafield ind1="0" ind2=" " tag="130"><subfield code="a">Prairie drummer (Colby, Kan.)</subfield></datafield><datafield ind1="1" ind2="4" tag="245"><subfield code="a">The prairie drummer.</subfield></datafield><datafield ind1=" " ind2=" " tag="260"><subfield code="a">Colby, Kan. :</subfield><subfield code="b">Prairie Printers,</subfield><subfield code="c">1962-1978.</subfield></datafield><datafield ind1=" " ind2=" " tag="300"><subfield code="a">17 v. :</subfield><subfield code="b">ill. ;</subfield><subfield code="c">57 cm.</subfield></datafield><datafield ind1=" " ind2=" " tag="310"><subfield code="a">Semiweekly,</subfield><subfield code="b">Mar. 24, 1971-May 31, 1978</subfield></datafield><datafield ind1=" " ind2=" " tag="321"><subfield code="a">Weekly,</subfield><subfield code="b">Feb. 27, 1962-Mar. 16, 1971</subfield></datafield><datafield ind1="0" ind2=" " tag="362"><subfield code="a">Vol. 1, no. 14 (Feb. 27, 1962)-v. 17, no. 43 (May 31, 1978).</subfield></datafield><datafield ind1=" " ind2=" " tag="515"><subfield code="a">Numbering is irregular.</subfield></datafield><datafield ind1=" " ind2=" " tag="752"><subfield code="a">United States</subfield><subfield code="b">Kansas</subfield><subfield code="c">Thomas</subfield><subfield code="d">Colby.</subfield></datafield><datafield ind1="0" ind2="0" tag="780"><subfield code="t">Colby shopper</subfield><subfield code="w">(DLC)sn 85032820</subfield></datafield><datafield ind1="0" ind2="4" tag="785"><subfield code="t">Colby daily free press</subfield><subfield code="w">(DLC)sn 85030842</subfield></datafield><datafield ind1="1" ind2=" " tag="029"><subfield code="a">AU@</subfield><subfield code="b">000022167193</subfield></datafield></record>